@misc{julie1,
author = {\mbox{US Energy Information Administration}},
title = {Energy consumption by US government at lowest level since at least 1975},
month = {February},
year = {2015},
howpublished = {http://www.eia.gov/todayinenergy/detail.cfm?id=19851},
note = {[Accessed March 2015]},
}



@misc{julie2,
author = {\mbox{Flemming Roberts}},
title = {Federal agencies and their super rad buildings},
month = {March},
year = {2015},
howpublished = {http://www.usgbc.org/articles/federal-agencies-and-their-super-rad-buildings},
note = {[Accessed March 2015]},
}

@misc{julie3,
author = {\mbox{PLEA 2011 27th Conference on Passive and Low Energy Architecture}},
title = {The environmental performance of high-density urban living: With reference to the city centre of S\~{a}o Paulo },
month = {July},
year = {2011},
}

@misc{julie4,
author = {\mbox{Weather Bureau Army Navy}},
title = {30-Year Average of Monthly Solar Radiation},
howpublished = {http://rredc.nrel.gov/solar/old\_data/nsrdb/1961-1990/redbook/sum2/state.html},
note = {[Accessed March 2015]},
}

@misc{julie5,
author = {\mbox{National Renewable Energy Laboratory}},
title = {Reliability Concerns Associated with PV Modules},
howpublished = { http://www.nrel.gov/pv/performance\_reliability},
note = {[Accessed March 2015]},
}

@misc{julie6,
author = {\mbox{2015 Photovoltaic Module Reliability Workshop }},
month = {March},
year = {2015},
howpublished = {http://www.nrel.gov/pv/performance\_reliability/pvmrw.html},
note = {[Accessed March 2015]},
}

@misc{julie7,
author = {\mbox{International Photovoltaic (PV) Quality Assurance (QA) Task Force}},
howpublished = {http://www.pvqat.org},
note = {[Accessed March 2015]},
}

@misc{julie8,
author = {\mbox{8.	IEC System for Certification Standards Relating to Equipment for Use in Renewable Energy Applications (IECRE)}},
howpublished = { http://www.pvqat.org/project-status/system-verification.html},
note = {[Accessed March 2015]},
}

@misc{julie9,
author = {\mbox{Updated Proposal for a Guide for Quality Management Systems for PV Manufacturing: Supplemental Requirements to ISO 9001-2008}},
month = {March},
year = {2015},
howpublished = {http://www.nrel.gov/docs/fy15osti/63742.pdf},
note = {[Accessed March 2015]},
}

@misc{julie10,
author = {\mbox{Mathhew Culligan and Jonathon Botkin}},
title = {Impact of Tilt Angle on System Economics for Area Constrained Rooftops},
year = {2007},
howpublished = {http://us.sunpower.com/sites/sunpower/files/media-library/white-papers/wp-impact-tilt-angle-system-economics-area-constrained-rooftops.pdf},
note = {[Accessed March 2015]},
}


@misc{julie11,
title = {Autodesk Ecotect Analysis, Sustainable Building Design Software},
}

@misc{julie12,
title = {World Climate Classification},
howpublished = {http://koeppen-geiger.vu-wien.ac.at/present.htm},
note = {[Accessed March 2015]},
}

@article{julie13,
  title={World map of the K{\"o}ppen-Geiger climate classification updated},
  author={Kottek, Markus and Grieser, J{\"u}rgen and Beck, Christoph and Rudolf, Bruno and Rubel, Franz},
  journal={Meteorologische Zeitschrift},
  volume={15},
  number={3},
  pages={259--263},
  year={2006},
  publisher={E. Schweizerbart'sche Verlagsbuchhandlung}
}

@misc{julie14,
author = {\mbox{14.	Solar America Board for codes and Standards}},
howpublished = {http://www.solarabcs.org},
note = {[Accessed March 2015]},
}
@misc{julie15,
title = {Standard for Flat-Plate Photovoltaic Modules and Panels},
month = {October},
year = {2013},
howpublished = {http://ulstandards.ul.com/standard/?id=1703\_3},
note = {[Accessed March 2015]},
}
