@misc{1,
   title = {Daily Energy Demand Curve},

}

@misc{2,
   title = {Campus Buildings},
   year = {2015}
}

@misc{3,
   author = {Administration, U.S. Energy Information},
   title = {Commercial Buildings Energy Consumption Survey},
   month = {5 April 2015},
   year = {2003}
}

@misc{4,
   author = {B, Brian},
   title = {Intra-Annual Climate Variability},
   year = {2014}
}

@techreport{5,
   author = {English, M and Nolt, J},
   title = {Conceptual Energy Plan for the Knoxville Campus of the University of Tennessee},
   year = {2007}
}

@article{6,
   author = {Evans, A and Strezov, V and Evans, T},
   title = {Assessment of utility energy storage options of increased renewable energy penetration},
   journal = {Renewable and Sustainable Energy Reviews},
   volume = {16},
   number = {6},
   year = {2012}
}

@misc{7,
   author = {Henderson, L},
   title = {Advantages of using Molten Salt},
   publisher = {Sandia National Laboratory},
   month = {7 April 2015},
   year = {2006}
}

@misc{8,
   author = {Marcos, J},
   title = {Predicting PV Plant Power Fluctuations and Optimising Energy Storage},
   year = {2014}
}

@unpublished{9,
   author = {Muralidharan, K},
   title = {COMPRESSED-AIR ENERGY STORAGE SYSTEMS FOR STAND-ALONE OFF-GRID
PHOTOVOLTAIC MODULES },
   address = {IEEE},
   year = {2010}
}

@misc{10,
   author = {Scott, D},
   title = {The Coach House Solar PV},
   year = {2012}
}

@book{11,
   author = {Tester},
   title = {Sustainability: Choosing among options},
   year = {2012}
}

