@misc{rtl10,
author = {\mbox{National Renewable Energy Laboratory}},
title={Solar Data: 10-Kilometer},
howpublished={\url{http://www.nrel.gov/gis/data_solar.html}},
note = {[Accessed April 2015]}
}

@misc{rtl9,
author = {\mbox{General Services Administration}},
title={Inventory of Owned and Leased Properties},
howpublished={\url{http://www.iolp.gsa.gov/iolp/NationalMap.asp}},
note = {[Accessed April 2015]}
}


@misc{rtl3,
author = {\mbox{U.S. Energy Information Administration}},
title = {Average Retail Price of Electricity to Ultimate Customers by End-Use Sector},
month = {March},
year = {2015},
howpublished = {\url{http://www.eia.gov/electricity/monthly/epm_table_grapher.cfm?t=epmt_5_6_a}},
note = {[Accessed April 2015]}
}

@misc{rtl4,
title = {Distributed Generation Energy Technology Capital Costs},
year = {2013},
month = {August}, 
author = {\mbox{National Renewable Energy Laboratory}},
url = {\url{http://www.nrel.gov/analysis/tech_cost_dg.html}},
note = {[Accessed April 2015]}
}

@incollection{rtl8,
year={2014},
isbn={978-3-319-13289-1},
booktitle={Data Analytics for Renewable Energy Integration},
volume={8817},
series={Lecture Notes in Computer Science},
editor={Woon, Wei Lee and Aung, Zeyar and Madnick, Stuart},
doi={10.1007/978-3-319-13290-7_11},
title={Rooftop Detection for Planning of Solar PV Deployment: A Case Study in Abu Dhabi},
url={http://dx.doi.org/10.1007/978-3-319-13290-7_11},
publisher={Springer International Publishing},
pages={137-149},
author={Joshi, B. and Hayk, B. and Al-Hinai, A. and Woon, W. L.}
}