
@misc{1,
author = {\mbox{Environmental Protection Agency}},
title = {Draft inventory of U.S.. greenhouse gas emissions and sinks},
month = {February},
year = {2015},
howpublished = {http://www.epa.gov/climatechange/pdfs/usinventoryreport/US-GHG-Inventory-2015-Main-Text.pdf},
note = {[Accessed March 2015]},
}

@misc{newfigsepa,
author = {\mbox{Environmental Protection Agency}},
title = {Greenhouse Gas Inventory Data Explorer},
month = {July},
year = {2014},
howpublished = {http://www.epa.gov/climatechange/ghgemissions/inventoryexplorer/index.html\#allsectors/allgas/gas/all},
note = {[Accessed April 2015]},
}

@misc{newfigsepa2,
author = {\mbox{Environmental Protection Agency}},
title = {Greenhouse Gas Inventory Data Explorer},
month = {July},
year = {2014},
howpublished = {http://www.epa.gov/climatechange/ghgemissions/inventoryexplorer/index.html\#electricitygeneration/allgas/source/all},
note = {[Accessed April 2015]},
}

@misc{2,
author = {\mbox{The White House: Office of the Press Secretary}},
title = {Executive order: Federal leadership in environmental, energy, and economic performance.},
month = {October},
year = {2009},
howpublished = {https://www.whitehouse.gov/assets/documents/2009fedleader\_eo\_rel.pdf},
note = {[Accessed March 2015]},
}


@misc{3,
author = {\mbox{Andy Medici}},
title = {New data reveals government’s carbon footprint},
month = {April},
year = {2011},
howpublished = {http://archive.federaltimes.com/article/20110428/FACILITIES01/104280302/New-data-reveals-government-s-carbon-footprint},
note = {[Accessed March 2015]},
}


@misc{4,
title = {\mbox{Fed carbon footprint: 121.3 million metric tons; lions share is DOD}},
month = {May},
year = {2011},
howpublished = {http://www.environmentalleader.com/2011/05/02/fed-carbon-footprint-121-3-million- metric-tons-lion\%E2\%80\%99s-share-is-dod/},
note = {[Accessed March 2015]},
}

@misc{5,
author = {\mbox{The White House}},
title = {Knowing where we stand to save money, improve efficiency, reduce pollution, and eliminate waste},
month = {April},
year = {2011},
howpublished = {https://www.whitehouse.gov/blog/2011/04/28/knowing-where-we-stand-save-money-improve-efficiency-reduce-pollution-and-eliminate-},
note = {[Accessed March 2015]},
}

@misc{6,
author = {\mbox{U.S. Energy Information Administration}},
title = {U.S. energy-related carbon dioxide emissions, 2013},
month = {October},
year = {2014},
howpublished = {http://www.eia.gov/environment/emissions/carbon/pdf/2013\_co2analysis.pdf},
note = {[Accessed March 2015]},
}

@misc{7,
author = {\mbox{The White House}},
title = {About greengov},
year = {2010},
howpublished = {https://www.whitehouse.gov/greengov/about},
note = {[Accessed March 2015]},
}



@misc{8,
author = {\mbox{The White House}},
title = {Greengov challenge: Final report},
month = {February},
year = {2010},
howpublished = {https://www.whitehouse.gov/sites/default/files/20100217-greengov-final-report.pdf},
note = {[Accessed March 2015]},
}

@misc{9,
author = {\mbox{The White House: Office of the Press Secretary}},
title = {Fact sheet: President obamas climate action plan},
month = {June},
year = {2013},
howpublished = {https://www.whitehouse.gov/the-press-office/2013/06/25/fact-sheet-president-obama-s-climate-action-plan},
note = {[Accessed March 2015]},
}

@misc{10,
author = {\mbox{The White House}},
title = {President obama’s plan to fight climate change},
month = {June},
year = {2013},
howpublished = {https://www.whitehouse.gov/share/climate-action-plan},
note = {[Accessed March 2015]},
}

@misc{11,
author = {\mbox{Executive Office of the President}},
title = {The president’s climate action plan},
month = {June},
year = {2013},
howpublished = {https://www.whitehouse.gov/sites/default/files/image/president27sclimateactionplan.pdf},
note = {[Accessed March 2015]},
}

@misc{12,
author = {\mbox{The White House: Office of the Press Secretary}},
title = {Executive order – planning for federal sustainability in the next decade},
month = {March},
year = {2015},
howpublished = {https://www.whitehouse.gov/the-press-office/2015/03/19/executive-order-planning-federal-sustainability-next-decade},
note = {[Accessed March 2015]},
}


@misc{13,
author = {\mbox{Prepared by Working Group III of the Intergovernmental Panel on Climate Change} \\ \mbox{ [O. Edenhofer, R. Pichs-Madruga, Y. Sokona, K. Seyboth,P. Matschoss, } \\ \mbox{ S. Kadner, T. Zwickel, P. Eickemeier, G. Hansen, S. Schlömer, C. von Stechow (eds)]}},
title = {IPCC Special Report on Renewable Energy Sources and Climate Change Mitigation},
howpublished = {http://srren.ipcc-wg3.de/report/},
note = {[Accessed March 2015]},
}

@misc{14,
author = {\mbox{National Renewable Energy Laboratory}},
title = {Life cycle greenhouse gas emissions from solar photovoltaics},
month = {November},
year = {2012},
howpublished = {http://www.nrel.gov/docs/fy13osti/56487.pdf},
note = {[Accessed March 2015]},
}

@misc{15,
author = {\mbox{National Renewable Energy Laboratory}},
title = {Life cycle greenhouse gas emissions from electricity generation},
month = {January},
year = {2013},
howpublished = {http://www.nrel.gov/docs/fy13osti/57187.pdf},
note = {[Accessed March 2015]},
}

@misc{16,
author = {\mbox{U.S. Energy Information Administration}},
title = {State-level energy-related carbon dioxide emis-
sions, 2000-2011.},
month = {August},
year = {2014},
howpublished = {http://www.eia.gov/environment/emissions/state/analysis/pdf/stateanalysis.pdf},
note = {[Accessed March 2015]},
}

@misc{17,
author = {\mbox{National Renewable Energy Laboratory}},
title = {Energy payback: Clean energy from pv.},
year = {1999},
howpublished = {http://www.nrel.gov/docs/fy99osti/24619.pdf},
note = {[Accessed March 2015]},
}



@article{18,
  title={Life cycle greenhouse gas emissions of crystalline silicon photovoltaic electricity generation},
  author={Hsu, David D and O’Donoughue, Patrick and Fthenakis, Vasilis and Heath, Garvin A and Kim, Hyung Chul and Sawyer, Pamala and Choi, Jun-Ki and Turney, Damon E},
  journal={Journal of Industrial Ecology},
  volume={16},
  number={s1},
  pages={S122--S135},
  year={2012},
  publisher={Wiley Online Library}
}

@misc{roisin,
author = {\mbox{General Services Administration}},
title = {General Services Administration (GSA) Inventory of Owned and Leased Properties},
howpublished = {http://www.iolp.gsa.gov/iolp/NationalMap.asp},
note = {[Accessed March 2015]},
}
